%% This BibTeX bibliography file was created using BibDesk.
%% http://bibdesk.sourceforge.net/


%% Created for Gary L. Gray at 2006-04-12 19:28:23 -0400 


%% Saved with string encoding Western (ASCII) 



@article{DaviesMoon-1993-3-D-Spatial-Cha-0,
	Author = {Davies, M. A. and Moon, F. C.},
	Date-Added = {2006-04-12 19:28:21 -0400},
	Date-Modified = {2006-04-12 19:28:21 -0400},
	Journal = {Chaos},
	Number = {1},
	Pages = {93-99},
	Title = {3-D Spatial Chaos in the Elastica and the Spinning Top: Kirchhoff Analogy},
	Volume = {3},
	Year = {1993}}

@article{Tonkin-1980-A-Basic-Attitud-0,
	Author = {Tonkin, S. W.},
	Date-Added = {2006-04-12 19:28:21 -0400},
	Date-Modified = {2006-04-12 19:28:21 -0400},
	Journal = {Automatica},
	Pages = {415-418},
	Title = {A Basic Attitude Instability of Spacecraft with Imperfect Momentum Wheels},
	Volume = {16},
	Year = {1980}}

@article{Matsumoto-1984-A-Chaotic-Attra-0,
	Author = {Matsumoto, T.},
	Date-Added = {2006-04-12 19:28:21 -0400},
	Date-Modified = {2006-04-12 19:28:21 -0400},
	Journal = {IEEE Transactions on Circuits and Systems},
	Number = {12},
	Pages = {1055-1058},
	Title = {A Chaotic Attractor from Chua's Circuit},
	Volume = {CAS-31},
	Year = {1984}}

@inproceedings{MacKay-1988-A-Criterion-for-0,
	Address = {Bologna, Italy},
	Author = {MacKay, R. S.},
	Booktitle = {Conference on Nonlinear Dynamics},
	Date-Added = {2006-04-12 19:28:21 -0400},
	Date-Modified = {2006-04-12 19:28:21 -0400},
	Editor = {Turchetti, G.},
	Pages = {44-56},
	Publisher = {World Scientific},
	Title = {A Criterion for Non-Existence of Invariant Tori for Hamiltonian Systems},
	Year = {1988}}

@article{FreundNix-1996-A-Critical-Thic-0,
	Author = {Freund, L. B. and Nix, W. D.},
	Date-Added = {2006-04-12 19:28:21 -0400},
	Date-Modified = {2006-04-12 19:28:21 -0400},
	Journal = {Applied Physics Letters},
	Number = {2},
	Pages = {173-175},
	Title = {A Critical Thickness Condition for a Strained Compliant Substrate/Epitaxial Film System},
	Volume = {69},
	Year = {1996}}

@inproceedings{MarsdenHolmes-1979-A-Horseshoe-in--0,
	Address = {New York},
	Author = {Marsden, J. and Holmes, P. J.},
	Booktitle = {International Conference on Nonlinear Dynamics},
	Date-Added = {2006-04-12 19:28:21 -0400},
	Date-Modified = {2006-04-12 19:28:21 -0400},
	Editor = {Helleman, R. H. G.},
	Pages = {313-321},
	Publisher = {Annals of the New York Academy of Sciences},
	Title = {A Horseshoe in the Dynamics of a Forced Beam},
	Volume = {357},
	Year = {1979}}

@article{Koiller-1984-A-Mechanical-Sy-0,
	Author = {Koiller, J.},
	Date-Added = {2006-04-12 19:28:21 -0400},
	Date-Modified = {2006-04-12 19:28:21 -0400},
	Journal = {Journal of Mathematics and Physics},
	Number = {5},
	Pages = {1599-1604},
	Title = {A Mechanical System with a ``Wild'' Horseshoe},
	Volume = {25},
	Year = {1984}}

@article{TsiotrasLonguski-1995-A-New-Parameter-0,
	Author = {Tsiotras, P. and Longuski, J. M.},
	Date-Added = {2006-04-12 19:28:21 -0400},
	Date-Modified = {2006-04-12 19:28:21 -0400},
	Journal = {The Journal of the Astronautical Sciences},
	Number = {3},
	Pages = {243-262},
	Title = {A New Parameterization of the Attitude Kinematics},
	Volume = {43},
	Year = {1995}}

@article{ShimadaNagashima-1979-A-Numerical-App-0,
	Author = {Shimada, I. and Nagashima, T.},
	Date-Added = {2006-04-12 19:28:21 -0400},
	Date-Modified = {2006-04-12 19:28:21 -0400},
	Journal = {Progress of Theoretical Physics},
	Keywords = {Lyapunov characteristic exponents},
	Number = {6},
	Pages = {1605-1616},
	Title = {A Numerical Approach to Ergodic Problem of Dissipative Dynamical Systems},
	Volume = {61},
	Year = {1979}}

@article{SmithDavenport-1988-A-Perturbation--0,
	Author = {Smith, P. and Davenport, N. M.},
	Date-Added = {2006-04-12 19:28:21 -0400},
	Date-Modified = {2006-04-12 19:28:21 -0400},
	Journal = {Dynamics and Stability of Systems},
	Number = {4},
	Pages = {167-182},
	Title = {A Perturbation Method for Saddle Connections and Homoclinic Bifurcation in Duffing's Equation},
	Volume = {2},
	Year = {1988}}

@article{Ketema-1992-A-Physical-Inte-0,
	Author = {Ketema, Y.},
	Date-Added = {2006-04-12 19:28:21 -0400},
	Date-Modified = {2006-04-12 19:28:21 -0400},
	Journal = {International Journal of Bifurcation and Chaos},
	Number = {1},
	Pages = {1-9},
	Title = {A Physical Interpretation of Melnikov's Method},
	Volume = {2},
	Year = {1992}}

@article{GraesserCozzarelli-1994-A-Proposed-Thre-0,
	Author = {Graesser, E. J. and Cozzarelli, F. A.},
	Date-Added = {2006-04-12 19:28:21 -0400},
	Date-Modified = {2006-04-12 19:28:21 -0400},
	Journal = {Journal of Intelligent Material Systems and Structures},
	Pages = {78-89},
	Title = {A Proposed Three-Dimensional Constitutive Model for Shape Memory Alloys},
	Volume = {5},
	Year = {1994}}

@article{RichardsonMitchell-1999-A-Simplified-Va-0,
	Author = {Richardson, D. L. and Mitchell, J. W.},
	Date-Added = {2006-04-12 19:28:21 -0400},
	Date-Modified = {2006-04-12 19:28:21 -0400},
	Journal = {Journal of Applied Mechanics},
	Pages = {273-276},
	Title = {A Simplified Variation of Parameters Approach to Euler's Equations},
	Volume = {66},
	Year = {1999}}

@inproceedings{MitchellRichardson-1999-A-Simplified-Va-0,
	Address = {Girdwood, Alaska},
	Author = {Mitchell, J. W. and Richardson, D. L.},
	Booktitle = {AAS/AIAA Astrodynamics Specialist Conference},
	Date-Added = {2006-04-12 19:28:21 -0400},
	Date-Modified = {2006-04-12 19:28:21 -0400},
	Title = {A Simplified Variation of Parameters Solution for the Motion of an Arbitrarily-Torqued Asymmetric Rigid Body},
	Year = {1999}}

@inproceedings{Parks-1967-A-Stability-Cri-0,
	Address = {University of Puerto Rico},
	Author = {Parks, P. C.},
	Booktitle = {Differential Equations and Dynamical Systems},
	Date-Added = {2006-04-12 19:28:21 -0400},
	Date-Modified = {2006-04-12 19:28:21 -0400},
	Editor = {Hale, J. K. and Lasalle, J. P.},
	Pages = {287-298},
	Title = {A Stability Criterion for a Panel Flutter Prolem via the Second Method of Liapunov},
	Year = {1967}}

@inproceedings{HsuLee-1971-A-Stability-Stu-0,
	Address = {Herrenalb, Germany},
	Author = {Hsu, C. S. and Lee, T. H.},
	Booktitle = {IUTAM Symposium, Instability of Continuous Systems},
	Date-Added = {2006-04-12 19:28:21 -0400},
	Date-Modified = {2006-04-12 19:28:21 -0400},
	Editor = {Leipholz, H.},
	Pages = {112-118},
	Publisher = {Springer-Verlag},
	Title = {A Stability Study of Continuous Systems under Parametric Excitation via Liapunov's Direct Method},
	Year = {1971}}

@article{BhattacharyaJames-1999-A-Theory-of-Thi-0,
	Author = {Bhattacharya, K. and James, R. D.},
	Date-Added = {2006-04-12 19:28:21 -0400},
	Date-Modified = {2006-04-12 19:28:21 -0400},
	Journal = {Journal of the Mechanics and Physics of Solids},
	Pages = {531-576},
	Title = {A Theory of Thin Films of Martensitic Materials with Applications to Microactuators},
	Volume = {47},
	Year = {1999}}

@article{RimrottJanabi-Sharifi-1992-A-Torque-Free-F-0,
	Author = {Rimrott, F. P. J. and Janabi-Sharifi, F.},
	Date-Added = {2006-04-12 19:28:21 -0400},
	Date-Modified = {2006-04-12 19:28:21 -0400},
	Journal = {Journal of Applied Mechanics},
	Pages = {7-15},
	Title = {A Torque-Free Flexible Model Gyro},
	Volume = {59},
	Year = {1992}}

@article{Muller-PfeifferKranenburg-1992-A-Two-Dimension-0,
	Author = {M{\"u}ller-Pfeiffer, S. and van Kranenburg, H. and Lodder, J. C.},
	Date-Added = {2006-04-12 19:28:21 -0400},
	Date-Modified = {2006-04-12 19:28:21 -0400},
	Journal = {Thin Solid Films},
	Pages = {143-153},
	Title = {A Two-Dimensional Monte Carlo Model for Thin Growth by Oblique Evaporation: Simulation of Two-Component Systems for the Example of Co-Cr},
	Volume = {213},
	Year = {1992}}

@article{HashinShtrikman-1963-A-Variational-A-0,
	Author = {Hashin, Z. and Shtrikman, S.},
	Date-Added = {2006-04-12 19:28:21 -0400},
	Date-Modified = {2006-04-12 19:28:21 -0400},
	Journal = {Journal of the Mechanics and Physics of Solids},
	Pages = {127-140},
	Title = {A Variational Approach to the Theory of the Elastic Bahaviour of Multiphase Materials},
	Volume = {11},
	Year = {1963}}

@inproceedings{Junkins-1997-Adventures-on-t-0,
	Address = {Reno, Nevada},
	Author = {Junkins, J. L.},
	Booktitle = {Aerospace Sciences Meeting},
	Date-Added = {2006-04-12 19:28:21 -0400},
	Date-Modified = {2006-04-12 19:28:21 -0400},
	Pages = {1058-1071},
	Title = {Adventures on the Interface of Dynamics and Control},
	Volume = {20},
	Year = {1997}}

@article{Melnikov-1963-On-the-Stabilit-a,
	Author = {Melnikov, V. K.},
	Date-Modified = {2005-02-24 21:32:18 -0500},
	Journal = {Transactions of the Moscow Mathematical Society},
	Pages = {1-56},
	Title = {On the Stability of the Center for Time-Periodic Perturbations},
	Volume = {12},
	Year = {1963}}

@comment{BibDesk Smart Groups{
<?xml version="1.0" encoding="UTF-8"?>
<!DOCTYPE plist PUBLIC "-//Apple Computer//DTD PLIST 1.0//EN" "http://www.apple.com/DTDs/PropertyList-1.0.dtd">
<plist version="1.0">
<array/>
</plist>
}}

@book{Lam94,
  author = {Leslie Lamport},
  title = {{\LaTeX}: A Document Preparation System},
  publisher = {Addison-Wesley},
  address = {Reading, MA},
  edition = {2nd},
  year = {1994}
}

@article{WoJe95,
  title = {Intelligent Agents: Theory and Practice},
  author = {Wooldridge, Michael J. and Jennings, Nicholas R.},
  journal = {The Knowledge Engineering Review},
  volume = {10},
  number = {2},
  pages = {115--152},
  year = {1995}
}

@article{GrKr96,
  title = {Collaborative Plans for Complex Group Action},
  author = {Grosz, Barbara J. and Kraus, Sarit},
  journal = {Artificial Intelligence},
  volume = {86},
  number = {2},
  pages = {269--357},
  year = {1996}
}

@Techreport{Har78,
  author =       "David Harel",
  year =         "1978",
  title =        "Logics of programs: axiomatics and descriptive power",
  institution =  "Massachusetts Institute of Technology",
  type =         "MIT Research Lab Technical Report",
  number =       "TR-200",
  address =      "Cambridge, MA",
  month =        "",
  note =         ""
}

@Phdthesis{Cla85,
  author =       "Kenneth L. Clarkson",
  year =         "1985",
  title =        "Algorithms for Closest-Point Problems (Computational Geometry)",
  school =       "Stanford University",
  address =      "Palo Alto, CA",
  note =         "UMI Order Number: AAT 8506171",
  type =         "",
  month =        ""
}

@misc{Oba08,
  author        = "Barack Obama",
  year          = "2008",
  title         = "A More Perfect Union",
  howpublished  = "Video",
  day           = "5",
  url           = "http://video.google.com/videoplay?docid=6528042696351994555",
  month         = mar,
  lastaccessed  = "March 21, 2008",
  note          =  ""
}

@misc{Sci09,
  author =       "Joseph Scientist",
  year =         "2009",
  title =        "The fountain of youth",
  note =         "Patent No. 12345, Filed July 1st., 2008, Issued Aug. 9th., 2009",
  url =          "",
  howpublished = "",
  month =        aug,
  lastaccessed = ""
}

@ArtifactDataset{AnMC13,
 author    =  {Sam Anzaroot and Andrew McCallum},
 title     =  {{UMass} Citation Field Extraction Dataset},
 year      = 2013,
 organization = {University of Massachusetts},
 url       =
    {http://www.iesl.cs.umass.edu/data/data-umasscitationfield},
 lastaccessed = {May 27, 2019}
}

@inproceedings{Hag1993,
title        = {Maintaining Discrete Probability Distributions Optimally},
author       = {Hagerup, Torben and Mehlhorn, Kurt and Munro, J. Ian},
booktitle    = {Proceedings of the 20th International Colloquium on Automata, Languages and Programming},
series       = {Lecture Notes in Computer Science},
volume       = {700},
pages        = {253--264},
year         = {1993},
publisher    = {Springer-Verlag},
address      = {Berlin}
}

@Book{Knu97,
  author =       "Donald E. Knuth",
  title =        "The Art of Computer Programming, Vol. 1: Fundamental Algorithms",
  publisher =    "Addison Wesley",
  year =         "1997",
  address =      "Reading, Massachusetts",
  edition =      "3rd",
  editor =       "",
  volume =       "",
  number =       "",
  series =       "",
  month =        "",
  note =         ""
}

@MASTERSTHESIS{Ani03,
author = {David A. Anisi},
title = {Optimal Motion Control of a Ground Vehicle},
school = {Royal Institute of Technology (KTH), Stockholm, Sweden},
intitution = {FOI-R-0961-SE, Swedish Defence Research Agency (FOI)},
year = {2003},
}
@misc{transportationnetworks,
    author = {{Transportation Networks for Research Core Team}},
    title = {{Transportation Networks for Research}},
    howpublished = {\url{https://github.com/bstabler/TransportationNetworks/}},
    note = {Online; accessed 20 July 2023},
    year=2020
}
@article{lanctot2017unified,
  title={A unified game-theoretic approach to multiagent reinforcement learning},
  author={Lanctot, Marc and Zambaldi, Vinicius and Gruslys, Audrunas and Lazaridou, Angeliki and Tuyls, Karl and P{\'e}rolat, Julien and Silver, David and Graepel, Thore},
  journal={Advances in neural information processing systems},
  volume={30},
  year={2017}
}
@inproceedings{mcmahan2003planning,
  title={Planning in the presence of cost functions controlled by an adversary},
  author={McMahan, H Brendan and Gordon, Geoffrey J and Blum, Avrim},
  booktitle={Proceedings of the 20th International Conference on Machine Learning (ICML-03)},
  pages={536--543},
  year={2003}
}
@article{peng2021facmac,
  title={Facmac: Factored multi-agent centralised policy gradients},
  author={Peng, Bei and Rashid, Tabish and Schroeder de Witt, Christian and Kamienny, Pierre-Alexandre and Torr, Philip and B{\"o}hmer, Wendelin and Whiteson, Shimon},
  journal={Advances in Neural Information Processing Systems},
  volume={34},
  pages={12208--12221},
  year={2021}
}
@article{mnih2015human,
  title={Human-level control through deep reinforcement learning},
  author={Mnih, Volodymyr and Kavukcuoglu, Koray and Silver, David and Rusu, Andrei A and Veness, Joel and Bellemare, Marc G and Graves, Alex and Riedmiller, Martin and Fidjeland, Andreas K and Ostrovski, Georg and others},
  journal={nature},
  volume={518},
  number={7540},
  pages={529--533},
  year={2015},
  publisher={Nature Publishing Group}
}
@article{gu2016q,
  title={Q-prop: Sample-efficient policy gradient with an off-policy critic},
  author={Gu, Shixiang and Lillicrap, Timothy and Ghahramani, Zoubin and Turner, Richard E and Levine, Sergey},
  journal={arXiv preprint arXiv:1611.02247},
  year={2016}
}
@article{rashid2020monotonic,
  title={Monotonic value function factorisation for deep multi-agent reinforcement learning},
  author={Rashid, Tabish and Samvelyan, Mikayel and De Witt, Christian Schroeder and Farquhar, Gregory and Foerster, Jakob and Whiteson, Shimon},
  journal={The Journal of Machine Learning Research},
  volume={21},
  number={1},
  pages={7234--7284},
  year={2020},
  publisher={JMLRORG}
}
@article{lowe2017multi,
  title={Multi-agent actor-critic for mixed cooperative-competitive environments},
  author={Lowe, Ryan and Wu, Yi I and Tamar, Aviv and Harb, Jean and Pieter Abbeel, OpenAI and Mordatch, Igor},
  journal={Advances in neural information processing systems},
  volume={30},
  year={2017}
}
@article{lillicrap2015continuous,
  title={Continuous control with deep reinforcement learning},
  author={Lillicrap, Timothy P and Hunt, Jonathan J and Pritzel, Alexander and Heess, Nicolas and Erez, Tom and Tassa, Yuval and Silver, David and Wierstra, Daan},
  journal={arXiv preprint arXiv:1509.02971},
  year={2015}
}
@article{sunehag2017value,
  title={Value-decomposition networks for cooperative multi-agent learning},
  author={Sunehag, Peter and Lever, Guy and Gruslys, Audrunas and Czarnecki, Wojciech Marian and Zambaldi, Vinicius and Jaderberg, Max and Lanctot, Marc and Sonnerat, Nicolas and Leibo, Joel Z and Tuyls, Karl and others},
  journal={arXiv preprint arXiv:1706.05296},
  year={2017}
}
@article{paszke2019pytorch,
  title={Pytorch: An imperative style, high-performance deep learning library},
  author={Paszke, Adam and Gross, Sam and Massa, Francisco and Lerer, Adam and Bradbury, James and Chanan, Gregory and Killeen, Trevor and Lin, Zeming and Gimelshein, Natalia and Antiga, Luca and others},
  journal={Advances in neural information processing systems},
  volume={32},
  year={2019}
}
@article{scikit-learn,
 title={Scikit-learn: Machine Learning in {P}ython},
 author={Pedregosa, F. and Varoquaux, G. and Gramfort, A. and Michel, V.
         and Thirion, B. and Grisel, O. and Blondel, M. and Prettenhofer, P.
         and Weiss, R. and Dubourg, V. and Vanderplas, J. and Passos, A. and
         Cournapeau, D. and Brucher, M. and Perrot, M. and Duchesnay, E.},
 journal={Journal of Machine Learning Research},
 volume={12},
 pages={2825--2830},
 year={2011}
}
@Article{         harris2020array,
 title         = {Array programming with {NumPy}},
 author        = {Charles R. Harris and K. Jarrod Millman and St{\'{e}}fan J.
                 van der Walt and Ralf Gommers and Pauli Virtanen and David
                 Cournapeau and Eric Wieser and Julian Taylor and Sebastian
                 Berg and Nathaniel J. Smith and Robert Kern and Matti Picus
                 and Stephan Hoyer and Marten H. van Kerkwijk and Matthew
                 Brett and Allan Haldane and Jaime Fern{\'{a}}ndez del
                 R{\'{i}}o and Mark Wiebe and Pearu Peterson and Pierre
                 G{\'{e}}rard-Marchant and Kevin Sheppard and Tyler Reddy and
                 Warren Weckesser and Hameer Abbasi and Christoph Gohlke and
                 Travis E. Oliphant},
 year          = {2020},
 month         = sep,
 journal       = {Nature},
 volume        = {585},
 number        = {7825},
 pages         = {357--362},
 doi           = {10.1038/s41586-020-2649-2},
 publisher     = {Springer Science and Business Media {LLC}},
 url           = {https://doi.org/10.1038/s41586-020-2649-2}
}
@article{waniek2021traffic,
  title={Traffic networks are vulnerable to disinformation attacks},
  author={Waniek, Marcin and Raman, Gururaghav and AlShebli, Bedoor and Peng, Jimmy Chih-Hsien and Rahwan, Talal},
  journal={Scientific reports},
  volume={11},
  number={1},
  pages={5329},
  year={2021},
  publisher={Nature Publishing Group UK London}
}
@misc{schoon2020google,
  author = {Ben Schoon},
  editor = {9To5 Google},
  title = {Google Maps ‘hack’ uses 99 smartphones to create virtual traffic jams},
  url = {https://9to5google.com/2020/02/04/google-maps-hack-virtual-traffic-jam/},
  urldate = {14.08.2023},
  originalyear = {04.02.2020},
  year = {2020},
  note = {Accessed 8/14/2023}
}
@misc{hunter2017snapchat,
  author = {Monica Hunter-Hart},
  editor = {Inverse},
  title = {Snapchat Just Created a Marauder's Map for the Entire World},
  url = {https://www.inverse.com/article/33287-snapchat-snap-map-update-harry-potter},
  urldate = {23.10.2023},
  originalyear = {06.21.2017},
  year = {2017},
  note = {Accessed 10/23/2023}
}
@inproceedings{eykholt2018robust,
  title={Robust physical-world attacks on deep learning visual classification},
  author={Eykholt, Kevin and Evtimov, Ivan and Fernandes, Earlence and Li, Bo and Rahmati, Amir and Xiao, Chaowei and Prakash, Atul and Kohno, Tadayoshi and Song, Dawn},
  booktitle={Proceedings of the IEEE conference on computer vision and pattern recognition},
  pages={1625--1634},
  year={2018}
}
@misc{wikipedia2018fort,
author = "{Wikipedia contributors}",
title = "Fort Lee lane closure scandal --- {Wikipedia}{,} The Free Encyclopedia",
year = "2023",
url = "https://en.wikipedia.org/w/index.php?title=Fort_Lee_lane_closure_scandal&oldid=1161650250",
note = "[Online; accessed 15-August-2023]"
}
@misc{ou,
author = "{Wikipedia contributors}",
title = "Ornstein–Uhlenbeck process --- {Wikipedia}{,} The Free Encyclopedia",
year = "2023",
url = "https://en.wikipedia.org/w/index.php?title=Ornstein%E2%80%93Uhlenbeck_process&oldid=1175439055",
note = "[Online; accessed 10-October-2023]"
}
@inproceedings{checkoway2011comprehensive,
  title={Comprehensive experimental analyses of automotive attack surfaces},
  author={Checkoway, Stephen and McCoy, Damon and Kantor, Brian and Anderson, Danny and Shacham, Hovav and Savage, Stefan and Koscher, Karl and Czeskis, Alexei and Roesner, Franziska and Kohno, Tadayoshi},
  booktitle={20th USENIX security symposium (USENIX Security 11)},
  year={2011}
}
@article{eiza2017driving,
  title={Driving with sharks: Rethinking connected vehicles with vehicle cybersecurity},
  author={Eiza, Mahmoud Hashem and Ni, Qiang},
  journal={IEEE Vehicular Technology Magazine},
  volume={12},
  number={2},
  pages={45--51},
  year={2017},
  publisher={IEEE}
}
@article{lu2018survey,
  title={A survey on recent advances in vehicular network security, trust, and privacy},
  author={Lu, Zhaojun and Qu, Gang and Liu, Zhenglin},
  journal={IEEE Transactions on Intelligent Transportation Systems},
  volume={20},
  number={2},
  pages={760--776},
  year={2018},
  publisher={IEEE}
}
@inproceedings{chen2018exposing,
  title={Exposing Congestion Attack on Emerging Connected Vehicle based Traffic Signal Control.},
  author={Chen, Qi Alfred and Yin, Yucheng and Feng, Yiheng and Mao, Z Morley and Liu, Henry X},
  booktitle={NDSS},
  year={2018}
}
@article{levy2015cyber,
  title={Cyber security and resilience of intelligent public transport: good practices and recommendations},
  author={Levy-Bencheton, C and Darra, E},
  year={2015}
}
@inproceedings{laszka2016vulnerability,
  title={Vulnerability of transportation networks to traffic-signal tampering},
  author={Laszka, Aron and Potteiger, Bradley and Vorobeychik, Yevgeniy and Amin, Saurabh and Koutsoukos, Xenofon},
  booktitle={2016 ACM/IEEE 7th International Conference on Cyber-Physical Systems (ICCPS)},
  pages={1--10},
  year={2016},
  organization={IEEE}
}
@article{feng2018vulnerability,
  title={Vulnerability of traffic control system under cyberattacks with falsified data},
  author={Feng, Yiheng and Huang, Shihong and Chen, Qi Alfred and Liu, Henry X and Mao, Z Morley},
  journal={Transportation research record},
  volume={2672},
  number={1},
  pages={1--11},
  year={2018},
  publisher={SAGE Publications Sage CA: Los Angeles, CA}
}
@article{reilly2016creating,
  title={Creating complex congestion patterns via multi-objective optimal freeway traffic control with application to cyber-security},
  author={Reilly, Jack and Martin, S{\'e}bastien and Payer, Mathias and Bayen, Alexandre M},
  journal={Transportation Research Part B: Methodological},
  volume={91},
  pages={366--382},
  year={2016},
  publisher={Elsevier}
}
@article{sha2010rd,
  title={RD4: Role-Differentiated Cooperative Deceptive Data Detection and Filtering in VANETs},
  author={Sha, Kewei and Wang, Shinan and Shi, Weisong},
  journal={IEEE Transactions on Vehicular Technology},
  volume={59},
  number={3},
  pages={1183--1190},
  year={2010},
  publisher={IEEE}
}
@article{lin2018data,
  title={Data integrity attacks against dynamic route guidance in transportation-based cyber-physical systems: Modeling, analysis, and defense},
  author={Lin, Jie and Yu, Wei and Zhang, Nan and Yang, Xinyu and Ge, Linqiang},
  journal={IEEE Transactions on Vehicular Technology},
  volume={67},
  number={9},
  pages={8738--8753},
  year={2018},
  publisher={IEEE}
}
@article{raponi2021road,
  title={Road Traffic Poisoning of Navigation Apps: Threats and Countermeasures},
  author={Raponi, Simone and Sciancalepore, Savio and Oligeri, Gabriele and Di Pietro, Roberto},
  journal={IEEE Security \& Privacy},
  volume={20},
  number={3},
  pages={71--79},
  year={2021},
  publisher={IEEE}
}
@misc{ bayesian,
author = "{Wikipedia contributors}",
title = "Bayesian search theory --- {Wikipedia}{,} The Free Encyclopedia",
year = "2023",
url = "https://en.wikipedia.org/w/index.php?title=Bayesian_search_theory&oldid=1154910859",
note = "[Online; accessed 10-October-2023]"
}
@article{yang2018hierarchical,
  title={Hierarchical deep reinforcement learning for continuous action control},
  author={Yang, Zhaoyang and Merrick, Kathryn and Jin, Lianwen and Abbass, Hussein A},
  journal={IEEE transactions on neural networks and learning systems},
  volume={29},
  number={11},
  pages={5174--5184},
  year={2018},
  publisher={IEEE}
}
@inproceedings{chen2019attention,
  title={Attention-based hierarchical deep reinforcement learning for lane change behaviors in autonomous driving},
  author={Chen, Yilun and Dong, Chiyu and Palanisamy, Praveen and Mudalige, Priyantha and Muelling, Katharina and Dolan, John M},
  booktitle={Proceedings of the IEEE/CVF Conference on Computer Vision and Pattern Recognition Workshops},
  pages={0--0},
  year={2019}
}
@article{zhang2020hierarchical,
  title={Hierarchical deep reinforcement learning for backscattering data collection with multiple UAVs},
  author={Zhang, Yu and Mou, Zhiyu and Gao, Feifei and Xing, Ling and Jiang, Jing and Han, Zhu},
  journal={IEEE Internet of Things Journal},
  volume={8},
  number={5},
  pages={3786--3800},
  year={2020},
  publisher={IEEE}
}
@inproceedings{wang2016defending,
  title={Defending against sybil devices in crowdsourced mapping services},
  author={Wang, Gang and Wang, Bolun and Wang, Tianyi and Nika, Ana and Zheng, Haitao and Zhao, Ben Y},
  booktitle={Proceedings of the 14th annual international conference on mobile systems, applications, and services},
  pages={179--191},
  year={2016}
}
@article{androjna2021impact,
  title={Impact of spoofing of navigation systems on maritime situational awareness},
  author={Androjna, Andrej and Perkovi{\v{c}}, Marko},
  journal={Transactions on Maritime Science},
  volume={10},
  number={02},
  pages={361--373},
  year={2021},
  publisher={Pomorski fakultet u Splitu}
}
@article{singh2022detection,
  title={Detection and Mitigation of GNSS Spoofing Attacks in Maritime Environments Using a Genetic Algorithm},
  author={Singh, Saravjeet and Singh, Jaiteg and Singh, Sukhjit and Goyal, SB and Raboaca, Maria Simona and Verma, Chaman and Suciu, George},
  journal={Mathematics},
  volume={10},
  number={21},
  pages={4097},
  year={2022},
  publisher={MDPI}
}
@inproceedings{prakash2015empirical,
  title={Empirical game-theoretic analysis for moving target defense},
  author={Prakash, Achintya and Wellman, Michael P},
  booktitle={2nd ACM Workshop on Moving Target Defense (MTD)},
  pages={57--65},
  year={2015},
  organization={ACM}
}

@inproceedings{wright2016moving,
  title={Moving target defense against {DDoS} attacks: An empirical game-theoretic analysis},
  author={Wright, Mason and Venkatesan, Sridhar and Albanese, Massimiliano and Wellman, Michael P},
  booktitle={3rd ACM Workshop on Moving Target Defense (MTD)},
  pages={93--104},
  year={2016},
  organization={ACM}
}

@inproceedings{sengupta2017game,
  title={A game theoretic approach to strategy generation for moving target defense in web applications},
  author={Sengupta, Sailik and Vadlamudi, Satya Gautam and Kambhampati, Subbarao and Doup{\'e}, Adam and Zhao, Ziming and Taguinod, Marthony and Ahn, Gail-Joon},
  booktitle={16th Conference on Autonomous Agents and Multiagent Systems},
  pages={178--186},
  year={2017}
}

@article{lei2017optimal,
  title={Optimal strategy selection for moving target defense based on {Markov} game},
  author={Lei, Cheng and Ma, Duo-He and Zhang, Hong-Qi},
  journal={IEEE Access},
  volume={5},
  pages={156--169},
  year={2017},
  publisher={IEEE}
}

@inproceedings{lanctot2017unified,
  title={A unified game-theoretic approach to multiagent reinforcement learning},
  author={Lanctot, Marc and Zambaldi, Vinicius and Gruslys, Audrunas and Lazaridou, Angeliki and Tuyls, Karl and P{\'e}rolat, Julien and Silver, David and Graepel, Thore},
  booktitle={Advances in Neural Information Processing Systems},
  pages={4190--4203},
  year={2017}
}

@article{li2019optimal,
  title={Optimal Timing of Moving Target Defense: A {Stackelberg} Game Model},
  author={Henger Li and Zizhan Zheng},
  year={2019},
  journal={arXiv preprint arXiv:1905.13293}
}

@article{tan2019optimal,
  title={Optimal strategy selection approach to moving target defense based on Markov robust game},
  author={Tan, Jing-lei and Lei, Cheng and Zhang, Hong-qi and Cheng, Yu-qiao},
  journal={Computers \& Security},
  volume={8},
  number={5},
  pages={63--76},
  year={2019}
}

@misc{stable-baselines,
  author = {Hill, Ashley and Raffin, Antonin and Ernestus, Maximilian and Gleave, Adam and Traore, Rene and Dhariwal, Prafulla and Hesse, Christopher and Klimov, Oleg and Nichol, Alex and Plappert, Matthias and Radford, Alec and Schulman, John and Sidor, Szymon and Wu, Yuhuai},
  title = {Stable Baselines},
  year = {2018},
  publisher = {GitHub},
  journal = {GitHub repository},
  howpublished = {https://github.com/hill-a/stable-baselines},
}

@misc{gym,
  Author = {Greg Brockman and Vicki Cheung and Ludwig Pettersson and Jonas Schneider and John Schulman and Jie Tang and Wojciech Zaremba},
  Title = {{OpenAI Gym}},
  Year = {2016},
  Eprint = {arXiv:1606.01540},
}

@inproceedings{iannucci2019performance,
  title={A Performance Evaluation of Deep Reinforcement Learning for Model-Based Intrusion Response},
  author={Iannucci, Stefano and Barba, Ovidiu Daniel and Cardellini, Valeria and Banicescu, Ioana},
  booktitle={4th IEEE International Workshops on Foundations and Applications of Self* Systems (FAS* W)},
  pages={158--163},
  year={2019}
}

@incollection{hu2019reinforcement,
  title={Reinforcement Learning for Adaptive Cyber Defense Against Zero-Day Attacks},
  author={Hu, Zhisheng and Chen, Ping and Zhu, Minghui and Liu, Peng},
  booktitle={Adversarial and Uncertain Reasoning for Adaptive Cyber Defense},
  pages={54--93},
  year={2019},
  publisher={Springer}
}

@incollection{albanese2019moving,
  title={Moving target defense quantification},
  author={Albanese, Massimiliano and Connell, Warren and Venkatesan, Sridhar and Cybenko, George},
  booktitle={Adversarial and Uncertain Reasoning for Adaptive Cyber Defense},
  pages={94--111},
  year={2019},
  publisher={Springer}
}

@article{zheng2019markov,
  title={Markov Decision Process to Enforce Moving Target Defence Policies},
  author={Zheng, Jianjun and Namin, Akbar Siami},
  journal={arXiv preprint arXiv:1905.09222},
  year={2019}
}

@article{mnih2013playing,
  author    = {Volodymyr Mnih and
               Koray Kavukcuoglu and
               David Silver and
               Alex Graves and
               Ioannis Antonoglou and
               Daan Wierstra and
               Martin A. Riedmiller},
  title     = {Playing {Atari} with Deep Reinforcement Learning},
  journal={arXiv preprint arXiv:1312.5602},
  year      = {2013},
  archivePrefix = {arXiv},
  eprint    = {1312.5602},
  timestamp = {Mon, 13 Aug 2018 16:47:42 +0200},
  biburl    = {https://dblp.org/rec/bib/journals/corr/MnihKSGAWR13},
  bibsource = {dblp computer science bibliography, https://dblp.org}
}
@inproceedings{cybenko2014adversarial,
  title={Adversarial and uncertain reasoning for adaptive cyber defense: Building the scientific foundation},
  author={Cybenko, George and Jajodia, Sushil and Wellman, Michael P and Liu, Peng},
  booktitle={10th International Conference on Information Systems Security (ICISS)},
  pages={1--8},
  year={2014},
  organization={Springer}
}
@article{wang2015dueling,
  title={Dueling network architectures for deep reinforcement learning},
  author={Wang, Ziyu and Schaul, Tom and Hessel, Matteo and Van Hasselt, Hado and Lanctot, Marc and De Freitas, Nando},
  journal={arXiv preprint arXiv:1511.06581},
  year={2015}
}
@inproceedings{van2016deep,
  title={Deep reinforcement learning with double {Q}-learning},
  author={Van Hasselt, Hado and Guez, Arthur and Silver, David},
  booktitle={30th AAAI Conference on Artificial Intelligence},
  year={2016}
}
@article{schaul2015prioritized,
  title={Prioritized experience replay},
  author={Schaul, Tom and Quan, John and Antonoglou, Ioannis and Silver, David},
  journal={arXiv preprint arXiv:1511.05952},
  year={2015}
}
@techreport{lin1993reinforcement,
  title={Reinforcement learning for robots using neural networks},
  author={Lin, Long-Ji},
  year={1993},
  institution={Carnegie-Mellon University, School of Computer Science}
}
@article{ba2016layer,
  title={Layer normalization},
  author={Ba, Jimmy Lei and Kiros, Jamie Ryan and Hinton, Geoffrey E},
  journal={arXiv preprint arXiv:1607.06450},
  year={2016}
}
@inproceedings{chen2015practical,
  title={A practical approach for adaptive data structure layout randomization},
  author={Chen, Ping and Xu, Jun and Lin, Zhiqiang and Xu, Dongyan and Mao, Bing and Liu, Peng},
  booktitle={20th European Symposium on Research in Computer Security (ESORICS)},
  pages={69--89},
  year={2015},
  organization={Springer}
}
@article{tong2019finding,
  title={Finding Needles in a Moving Haystack: Prioritizing Alerts with Adversarial Reinforcement Learning},
  author={Tong, Liang and Laszka, Aron and Yan, Chao and Zhang, Ning and Vorobeychik, Yevgeniy},
  journal={arXiv preprint arXiv:1906.08805},
  year={2019}
}
@article{oakley2019playing,
  title={Playing Adaptively Against Stealthy Opponents: A Reinforcement Learning Strategy for the FlipIt Security Game},
  author={Oakley, Lisa and Oprea, Alina},
  journal={arXiv preprint arXiv:1906.11938},
  year={2019}
}

@inproceedings{mcmahan2003planning,
  title={Planning in the presence of cost functions controlled by an adversary},
  author={McMahan, H Brendan and Gordon, Geoffrey J and Blum, Avrim},
  booktitle={Proceedings of the 20th International Conference on Machine Learning (ICML-03)},
  pages={536--543},
  year={2003}
}
@article{watkins1992q,
  title={Q-learning},
  author={Watkins, Christopher JCH and Dayan, Peter},
  journal={Machine learning},
  volume={8},
  number={3-4},
  pages={279--292},
  year={1992},
  publisher={Springer}
}

@book{shoham2008multiagent,
  title={Multiagent systems: Algorithmic, game-theoretic, and logical foundations},
  author={Shoham, Yoav and Leyton-Brown, Kevin},
  year={2008},
  publisher={Cambridge University Press}
}
@article{govindan2003global,
  title={A global Newton method to compute Nash equilibria},
  author={Govindan, Srihari and Wilson, Robert},
  journal={Journal of Economic Theory},
  volume={110},
  number={1},
  pages={65--86},
  year={2003},
  publisher={Elsevier}
}
@article{laurent2011world,
  title={The world of independent learners is not Markovian},
  author={Laurent, Guillaume J and Matignon, La{\"e}titia and Fort-Piat, Le and others},
  journal={International Journal of Knowledge-based and Intelligent Engineering Systems},
  volume={15},
  number={1},
  pages={55--64},
  year={2011},
  publisher={IOS Press}
}
@article{mckelvey2006gambit,
  title={Gambit: Software tools for game theory},
  author={McKelvey, Richard D and McLennan, Andrew M and Turocy, Theodore L},
  year={2006},
  publisher={Version 0.2006. 01.20}
}
@inproceedings{abadi2016tensorflow,
  title={Tensorflow: A system for large-scale machine learning},
  author={Abadi, Mart{\'\i}n and Barham, Paul and Chen, Jianmin and Chen, Zhifeng and Davis, Andy and Dean, Jeffrey and Devin, Matthieu and Ghemawat, Sanjay and Irving, Geoffrey and Isard, Michael and others},
  booktitle={12th {USENIX} Symposium on Operating Systems Design and Implementation ({OSDI})},
  pages={265--283},
  year={2016}
}
@article{nguyen2019deep,
  title={Deep Reinforcement Learning for Cyber Security},
  author={Nguyen, Thanh Thi and Reddi, Vijay Janapa},
  journal={arXiv preprint arXiv:1906.05799},
  year={2019}
}
@article{malialis2015distributed,
  title={Distributed reinforcement learning for adaptive and robust network intrusion response},
  author={Malialis, Kleanthis and Devlin, Sam and Kudenko, Daniel},
  journal={Connection Science},
  volume={27},
  number={3},
  pages={234--252},
  year={2015},
  publisher={Taylor \& Francis}
}
@article{malialis2015distributed2,
  title={Distributed response to network intrusions using multiagent reinforcement learning},
  author={Malialis, Kleanthis and Kudenko, Daniel},
  journal={Engineering Applications of Artificial Intelligence},
  volume={41},
  pages={270--284},
  year={2015},
  publisher={Elsevier}
}
@article{bhosale2014cooperative,
  title={Cooperative machine learning for intrusion detection system},
  author={Bhosale, Ravindra and Mahajan, Sandip and Kulkarni, Parag},
  journal={International Journal of Scientific and Engineering Research},
  volume={5},
  number={1},
  pages={1780--1785},
  year={2014}
}
@incollection{herrero2009multiagent,
  title={Multiagent systems for network intrusion detection: A review},
  author={Herrero, {\'A}lvaro and Corchado, Emilio},
  booktitle={Computational Intelligence in Security for Information Systems},
  pages={143--154},
  year={2009},
  publisher={Springer}
}
@article{shamshirband2014cooperative,
  title={Cooperative game theoretic approach using fuzzy $Q$-learning for detecting and preventing intrusions in wireless sensor networks},
  author={Shamshirband, Shahaboddin and Patel, Ahmed and Anuar, Nor Badrul and Kiah, Miss Laiha Mat and Abraham, Ajith},
  journal={Engineering Applications of Artificial Intelligence},
  volume={32},
  pages={228--241},
  year={2014},
  publisher={Elsevier}
}
@article{sengupta2020multi,
  title={Multi-agent Reinforcement Learning in Bayesian Stackelberg Markov Games for Adaptive Moving Target Defense},
  author={Sengupta, Sailik and Kambhampati, Subbarao},
  journal={arXiv preprint arXiv:2007.10457},
  year={2020}
}

@inproceedings{feng2017deep,
  title={Deep reinforecement learning based optimal defense for cyber-physical system in presence of unknown cyber-attack},
  author={Feng, Ming and Xu, Hao},
  booktitle={2017 IEEE Symposium Series on Computational Intelligence (SSCI)},
  pages={1--8},
  year={2017},
  organization={IEEE}
}

@incollection{gutierrez2020online,
  title={Online Learning Methods for Controlling Dynamic Cyber Deception Strategies},
  author={Gutierrez, Marcus and Kiekintveld, Christopher},
  booktitle={Adaptive Autonomous Secure Cyber Systems},
  pages={231--251},
  year={2020},
  publisher={Springer}
}
@article{russell2002artificial,
  title={Artificial intelligence: a modern approach},
  author={Russell, Stuart and Norvig, Peter},
  year={2002}
}
@article{oh2016control,
  title={Control of memory, active perception, and action in {Minecraft}},
  author={Oh, Junhyuk and Chockalingam, Valliappa and Singh, Satinder and Lee, Honglak},
  journal={arXiv preprint arXiv:1605.09128},
  year={2016}
}